<record><leader>00000cas a22000007a 4500</leader><controlfield tag="001">29709413</controlfield><controlfield tag="008">940131d18451847mauwr ne      0    0eng d</controlfield><datafield ind1=" " ind2=" " tag="010"><subfield code="a">sn 93059394 </subfield></datafield><datafield ind1=" " ind2=" " tag="040"><subfield code="a">MGN</subfield><subfield code="b">eng</subfield><subfield code="c">MGN</subfield><subfield code="d">NVK</subfield><subfield code="d">OCL</subfield><subfield code="d">OCLCQ</subfield><subfield code="d">OCLCF</subfield><subfield code="d">OCLCO</subfield></datafield><datafield ind1="1" ind2=" " tag="029"><subfield code="a">AU@</subfield><subfield code="b">000010823114</subfield></datafield><datafield ind1=" " ind2=" " tag="042"><subfield code="a">msc</subfield></datafield><datafield ind1=" " ind2=" " tag="043"><subfield code="a">n-us-ma</subfield></datafield><datafield ind1="0" ind2="0" tag="245"><subfield code="a">Massachusetts temperance standard.</subfield></datafield><datafield ind1="3" ind2="0" tag="246"><subfield code="a">Massachusetts temperance standard and journal of education</subfield></datafield><datafield ind1="1" ind2="3" tag="246"><subfield code="a">Temperance standard</subfield></datafield><datafield ind1="1" ind2="3" tag="246"><subfield code="a">Standard</subfield></datafield><datafield ind1=" " ind2=" " tag="260"><subfield code="a">Boston [Mass.] :</subfield><subfield code="b">D. Kimball</subfield></datafield><datafield ind1=" " ind2=" " tag="300"><subfield code="a">v.</subfield></datafield><datafield ind1=" " ind2=" " tag="310"><subfield code="a">Weekly</subfield></datafield><datafield ind1="1" ind2=" " tag="362"><subfield code="a">Began in 1845.</subfield></datafield><datafield ind1="0" ind2=" " tag="362"><subfield code="a">-v. 3, no. 51 (Dec. 17, 1847).</subfield></datafield><datafield ind1=" " ind2=" " tag="500"><subfield code="a">Published as: Massachusetts temperance standard and journal of education, Jan. 1-Oct. 29, 1847.</subfield></datafield><datafield ind1=" " ind2=" " tag="500"><subfield code="a">"Massachusetts" appears above the masthead ornament.</subfield></datafield><datafield ind1=" " ind2=" " tag="500"><subfield code="a">Publisher: William Filmer, Nov.-Dec. 1847.</subfield></datafield><datafield ind1=" " ind2=" " tag="500"><subfield code="a">Temperance newspapers.</subfield></datafield><datafield ind1=" " ind2=" " tag="550"><subfield code="a">Organ of the Massachusetts Temperance Union.</subfield></datafield><datafield ind1=" " ind2=" " tag="588"><subfield code="a">Description based on: Vol. 1, no. 32 (Aug. 8, 1845).</subfield></datafield><datafield ind1=" " ind2="0" tag="650"><subfield code="a">Temperance</subfield><subfield code="z">Massachusetts</subfield><subfield code="v">Newspapers.</subfield></datafield><datafield ind1=" " ind2="0" tag="651"><subfield code="a">Boston (Mass.)</subfield><subfield code="v">Newspapers.</subfield></datafield><datafield ind1=" " ind2="7" tag="655"><subfield code="a">Newspapers.</subfield><subfield code="2">fast</subfield><subfield code="0">(OCoLC)fst01423814</subfield></datafield><datafield ind1=" " ind2="7" tag="650"><subfield code="a">Temperance.</subfield><subfield code="2">fast</subfield><subfield code="0">(OCoLC)fst01147309</subfield></datafield><datafield ind1=" " ind2="7" tag="651"><subfield code="a">Massachusetts.</subfield><subfield code="2">fast</subfield><subfield code="0">(OCoLC)fst01204307</subfield></datafield><datafield ind1=" " ind2="7" tag="651"><subfield code="a">Massachusetts</subfield><subfield code="z">Boston.</subfield><subfield code="2">fast</subfield><subfield code="0">(OCoLC)fst01205012</subfield></datafield><datafield ind1=" " ind2=" " tag="752"><subfield code="a">United States</subfield><subfield code="b">Massachusetts</subfield><subfield code="c">Suffolk</subfield><subfield code="d">Boston.</subfield></datafield><datafield ind1="0" ind2="0" tag="780"><subfield code="t">Temperance standard (Boston, Mass.)</subfield><subfield code="w">(DLC)sn 87078302</subfield></datafield><datafield ind1="0" ind2="7" tag="785"><subfield code="t">Massachusetts cataract and Worcester County waterfall</subfield><subfield code="w">(DLC)sn 87080631</subfield></datafield><datafield ind1="0" ind2="7" tag="785"><subfield code="t">Massachusetts cataract and temperance standard</subfield><subfield code="w">(DLC)sn 93058791</subfield></datafield></record>